<record><leader>00000cas a22000007a 4500</leader><controlfield tag="001">12046247</controlfield><controlfield tag="008">850517c198u9999arumr ne      0   a0eng d</controlfield><datafield ind1=" " ind2=" " tag="010"><subfield code="a">sn 85007468 </subfield></datafield><datafield ind1=" " ind2=" " tag="040"><subfield code="a">NSD</subfield><subfield code="b">eng</subfield><subfield code="c">NSD</subfield><subfield code="d">OCLCQ</subfield></datafield><datafield ind1="1" ind2=" " tag="022"><subfield code="a">0883-0630</subfield><subfield code="l">0883-0630</subfield><subfield code="2">1</subfield></datafield><datafield ind1=" " ind2=" " tag="037"><subfield code="b">Maumelle Messenger, 550 Edgewood, Dr., Marmelle, AR 72118</subfield></datafield><datafield ind1=" " ind2=" " tag="042"><subfield code="a">nsdp</subfield></datafield><datafield ind1=" " ind2="0" tag="222"><subfield code="a">Maumelle messenger</subfield></datafield><datafield ind1="0" ind2="0" tag="245"><subfield code="a">Maumelle messenger.</subfield></datafield><datafield ind1=" " ind2=" " tag="260"><subfield code="a">Maumelle, AR :</subfield><subfield code="b">Maumelle Land Development, Inc.</subfield></datafield><datafield ind1=" " ind2=" " tag="310"><subfield code="a">Monthly</subfield></datafield><datafield ind1=" " ind2=" " tag="588"><subfield code="a">Description based on: Vol. 2, no. 12 (Dec. 1984).</subfield></datafield><datafield ind1=" " ind2=" " tag="752"><subfield code="a">United States</subfield><subfield code="b">Arkansas</subfield><subfield code="c">Pulaski</subfield><subfield code="d">Maumelle.</subfield></datafield><datafield ind1=" " ind2=" " tag="936"><subfield code="a">Dec. 1984</subfield></datafield></record>